@book{stephenson1998,
	author    = {G. Stephenson},
	title     = {Mathematical Methods for Science Students},
	isbn      = {0-582-44416-0},
	year      = {1998},
	language  = {English},
	publisher = {Longman}
}